%% This BibTeX bibliography file was created using BibDesk.
%% http://bibdesk.sourceforge.net/

%% Created for David Ball at 2015-08-26 11:16:44 -0700 

@ARTICLE{drake2006,
	author = {{Drake}, J.~F. and {Swisdak}, M. and {Che}, H. and {Shay}, M.~A.
	},
	title = "{Electron acceleration from contracting magnetic islands during reconnection}",
	journal = {\nat},
	year = 2006,
	month = oct,
	volume = 443,
	pages = {553-556},
	doi = {10.1038/nature05116},
	adsurl = {http://adsabs.harvard.edu/abs/2006Natur.443..553D},
	adsnote = {Provided by the SAO/NASA Astrophysics Data System}
}
@ARTICLE{drake2010,
	author = {{Drake}, J.~F. and {Opher}, M. and {Swisdak}, M. and {Chamoun}, J.~N.},
	title = "{A Magnetic Reconnection Mechanism for the Generation of Anomalous Cosmic Rays}",
	journal = {\apj},
	keywords = {acceleration of particles, magnetohydrodynamics: MHD, solar wind, turbulence, Astrophysics - Solar and Stellar Astrophysics, Astrophysics - Earth and Planetary Astrophysics},
	year = 2010,
	month = Feb,
	volume = {709},
	pages = {963-974},
	doi = {10.1088/0004-637X/709/2/963},
	archivePrefix = {arXiv},
	eprint = {0911.3098},
	primaryClass = {astro-ph.SR},
	adsurl = {https://ui.adsabs.harvard.edu/\#abs/2010ApJ...709..963D},
	adsnote = {Provided by the SAO/NASA Astrophysics Data System}
}



@ARTICLE{oka2010,
	author = {{Oka}, M. and {Phan}, T. -D. and {Krucker}, S. and {Fujimoto}, M. and
	{Shinohara}, I.},
	title = "{Electron Acceleration by Multi-Island Coalescence}",
	journal = {\apj},
	keywords = {acceleration of particles, Sun: flares, Sun: X-rays, gamma rays, Astrophysics - Solar and Stellar Astrophysics},
	year = 2010,
	month = May,
	volume = {714},
	pages = {915-926},
	doi = {10.1088/0004-637X/714/1/915},
	archivePrefix = {arXiv},
	eprint = {1004.1154},
	primaryClass = {astro-ph.SR},
	adsurl = {https://ui.adsabs.harvard.edu/\#abs/2010ApJ...714..915O},
	adsnote = {Provided by the SAO/NASA Astrophysics Data System}
}

@ARTICLE{dalpino2018,
	author = {{de Gouveia Dal Pino}, Elisabete and {Kowal}, Grzegorz and {Kadowaki},
	Luis and {Medina Torrej{\'o}n}, Tania E. and {Mizuno}, Yosuke
	and {Singh}, Chandra},
	title = "{Particle acceleration and the origin of the very high energy emission around black holes and relativistic jets}",
	journal = {arXiv e-prints},
	keywords = {Astrophysics - High Energy Astrophysical Phenomena, High Energy Physics - Phenomenology},
	year = 2018,
	month = Sep,
	eid = {arXiv:1809.06742},
	pages = {arXiv:1809.06742},
	archivePrefix = {arXiv},
	eprint = {1809.06742},
	primaryClass = {astro-ph.HE},
	adsurl = {https://ui.adsabs.harvard.edu/\#abs/2018arXiv180906742D},
	adsnote = {Provided by the SAO/NASA Astrophysics Data System}
}


@ARTICLE{ramirez2018,
	author = {{Rodr{\'\i}guez-Ram{\'\i}rez}, J.~C. and {de Gouveia Dal Pino}, E.~M.
	and {Alves Batista}, R.},
	title = "{Neutrino and \$\textbackslashgamma\$-ray Emission from the Core of NGC1275 by Magnetic Reconnection: GRMHD Simulations and Radiative Transfer/Particle Calculations}",
	journal = {arXiv e-prints},
	keywords = {Astrophysics - High Energy Astrophysical Phenomena},
	year = 2018,
	month = Nov,
	eid = {arXiv:1811.02812},
	pages = {arXiv:1811.02812},
	archivePrefix = {arXiv},
	eprint = {1811.02812},
	primaryClass = {astro-ph.HE},
	adsurl = {https://ui.adsabs.harvard.edu/\#abs/2018arXiv181102812R},
	adsnote = {Provided by the SAO/NASA Astrophysics Data System}
}

@ARTICLE{ni2012,
   author = {{Ni}, L. and {Ziegler}, U. and {Huang}, Y.-M. and {Lin}, J. and 
	{Mei}, Z.},
    title = "{Effects of plasma {$\beta$} on the plasmoid instability}",
  journal = {Physics of Plasmas},
 keywords = {magnetic reconnection, plasma density, plasma instability, plasma magnetohydrodynamics, plasma simulation, plasma temperature, plasma-beam interactions, Microinstabilities, Particle beam interactions in plasmas, Magnetohydrodynamic and fluid equation, Atomic molecular ion and heavy-particle collisions, Magnetohydrodynamics},
     year = 2012,
    month = jul,
   volume = 19,
   number = 7,
      eid = {072902},
    pages = {072902},
      doi = {10.1063/1.4736993},
   adsurl = {http://adsabs.harvard.edu/abs/2012PhPl...19g2902N},
  adsnote = {Provided by the SAO/NASA Astrophysics Data System}
}

@ARTICLE{ponti2017,
   author = {{Ponti}, G. and {George}, E. and {Scaringi}, S. and {Zhang}, S. and 
	{Jin}, C. and {Dexter}, J. and {Terrier}, R. and {Clavel}, M. and 
	{Degenaar}, N. and {Eisenhauer}, F. and {Genzel}, R. and {Gillessen}, S. and 
	{Goldwurm}, A. and {Habibi}, M. and {Haggard}, D. and {Hailey}, C. and 
	{Harrison}, F. and {Merloni}, A. and {Mori}, K. and {Nandra}, K. and 
	{Ott}, T. and {Pfuhl}, O. and {Plewa}, P.~M. and {Waisberg}, I.
	},
    title = "{A powerful flare from Sgr A* confirms the synchrotron nature of the X-ray emission}",
  journal = {\mnras},
archivePrefix = "arXiv",
   eprint = {1703.03410},
 primaryClass = "astro-ph.HE",
 keywords = {black hole physics, methods: data analysis, Galaxy: centre},
     year = 2017,
    month = jun,
   volume = 468,
    pages = {2447-2468},
      doi = {10.1093/mnras/stx596},
   adsurl = {http://adsabs.harvard.edu/abs/2017MNRAS.468.2447P},
  adsnote = {Provided by the SAO/NASA Astrophysics Data System}
}


%% Saved with string encoding Unicode (UTF-8) 
@ARTICLE{liguo2015,
   author = {{Li}, X. and {Guo}, F. and {Li}, H. and {Li}, G.},
    title = "{Nonthermally Dominated Electron Acceleration during Magnetic Reconnection in a Low-{$\beta$} Plasma}",
  journal = {\apjl},
archivePrefix = "arXiv",
   eprint = {1505.02166},
 primaryClass = "astro-ph.SR",
 keywords = {acceleration of particles, magnetic reconnection, Sun: corona, Sun: flares},
     year = 2015,
    month = oct,
   volume = 811,
      eid = {L24},
    pages = {L24},
      doi = {10.1088/2041-8205/811/2/L24},
   adsurl = {http://adsabs.harvard.edu/abs/2015ApJ...811L..24L},
  adsnote = {Provided by the SAO/NASA Astrophysics Data System}
}


@ARTICLE{li2015,
   author = {{Li}, Y.-P. and {Yuan}, F. and {Yuan}, Q. and {Wang}, Q.~D. and 
	{Chen}, P.~F. and {Neilsen}, J. and {Fang}, T. and {Zhang}, S. and 
	{Dexter}, J.},
    title = "{Statistics of X-Ray Flares of Sagittarius A*: Evidence for Solar-like Self-organized Criticality Phenomena}",
  journal = {\apj},
archivePrefix = "arXiv",
   eprint = {1506.02946},
 primaryClass = "astro-ph.HE",
 keywords = {accretion, accretion disks, black hole physics, Galaxy: center, methods: statistical},
     year = 2015,
    month = sep,
   volume = 810,
      eid = {19},
    pages = {19},
      doi = {10.1088/0004-637X/810/1/19},
   adsurl = {http://adsabs.harvard.edu/abs/2015ApJ...810...19L},
  adsnote = {Provided by the SAO/NASA Astrophysics Data System}
}


@INPROCEEDINGS{wang2016,
   author = {{Wang}, D. and {Yuan}, Q.},
    title = "{X-ray flare properties of Sgr A*}",
booktitle = {AAS/High Energy Astrophysics Division},
     year = 2016,
   series = {AAS/High Energy Astrophysics Division},
   volume = 15,
    month = apr,
      eid = {109.09},
    pages = {109.09},
   adsurl = {http://adsabs.harvard.edu/abs/2016HEAD...1510909W},
  adsnote = {Provided by the SAO/NASA Astrophysics Data System}
}


@ARTICLE{ponti2015,
   author = {{Ponti}, G. and {De Marco}, B. and {Morris}, M.~R. and {Merloni}, A. and 
	{Mu{\~n}oz-Darias}, T. and {Clavel}, M. and {Haggard}, D. and 
	{Zhang}, S. and {Nandra}, K. and {Gillessen}, S. and {Mori}, K. and 
	{Neilsen}, J. and {Rea}, N. and {Degenaar}, N. and {Terrier}, R. and 
	{Goldwurm}, A.},
    title = "{Fifteen years of XMM-Newton and Chandra monitoring of Sgr A$^{★}$: evidence for a recent increase in the bright flaring rate}",
  journal = {\mnras},
archivePrefix = "arXiv",
   eprint = {1507.02690},
 primaryClass = "astro-ph.HE",
 keywords = {accretion, accretion discs, black hole physics, methods: data analysis, Galaxy: centre, X-rays: binaries, X-rays: individual: Sgr A$^{⋆}$},
     year = 2015,
    month = dec,
   volume = 454,
    pages = {1525-1544},
      doi = {10.1093/mnras/stv1537},
   adsurl = {http://adsabs.harvard.edu/abs/2015MNRAS.454.1525P},
  adsnote = {Provided by the SAO/NASA Astrophysics Data System}
}



@ARTICLE{neilsen2015,
   author = {{Neilsen}, J. and {Markoff}, S. and {Nowak}, M.~A. and {Dexter}, J. and 
	{Witzel}, G. and {Barri{\`e}re}, N. and {Li}, Y. and {Baganoff}, F.~K. and 
	{Degenaar}, N. and {Fragile}, P.~C. and {Gammie}, C. and {Goldwurm}, A. and 
	{Grosso}, N. and {Haggard}, D.},
    title = "{The X-Ray Flux Distribution of Sagittarius A* as Seen by Chandra}",
  journal = {\apj},
archivePrefix = "arXiv",
   eprint = {1412.3106},
 primaryClass = "astro-ph.HE",
 keywords = {accretion, accretion disks, black hole physics, radiation mechanisms: non-thermal},
     year = 2015,
    month = feb,
   volume = 799,
      eid = {199},
    pages = {199},
      doi = {10.1088/0004-637X/799/2/199},
   adsurl = {http://adsabs.harvard.edu/abs/2015ApJ...799..199N},
  adsnote = {Provided by the SAO/NASA Astrophysics Data System}
}



@inproceedings{witzel2013,
author = {Witzel,G. and Morris,M. and Ghez,A. and Meyer,L. and Becklin,E. and Matthews,K. and Lu,J. R. and Do,T. and Campbell,R.},
title = {Near infrared variability of Sgr A* - spectral index measurements},
booktitle = {The Galactic Center: Feeding and Feedback in a Normal Galactic Nucleus},
series = {Proceedings of the International Astronomical Union},
volume = {9},
issue = {Symposium S303},
month = {10},
year = {2013},
pages = {274--282},
numpages = {9},
doi = {10.1017/S1743921314000738},
URL = {http://journals.cambridge.org/article_S1743921314000738},
}

@ARTICLE{chan2013,
   author = {{Chan}, C.-k. and {Psaltis}, D. and {{\"O}zel}, F.},
    title = "{GRay: A Massively Parallel GPU-based Code for Ray Tracing in Relativistic Spacetimes}",
  journal = {\apj},
archivePrefix = "arXiv",
   eprint = {1303.5057},
 primaryClass = "astro-ph.IM",
 keywords = {gravitation, methods: numerical, radiative transfer },
     year = 2013,
    month = nov,
   volume = 777,
      eid = {13},
    pages = {13},
      doi = {10.1088/0004-637X/777/1/13},
   adsurl = {http://adsabs.harvard.edu/abs/2013ApJ...777...13C},
  adsnote = {Provided by the SAO/NASA Astrophysics Data System}
}


@book{mihalas1978,
	Adsnote = {Provided by the SAO/NASA Astrophysics Data System},
	Adsurl = {http://adsabs.harvard.edu/abs/1978stat.book.....M},
	Author = {{Mihalas}, D.},
	Booktitle = {San Francisco, W.~H.~Freeman and Co., 1978.~650 p.},
	Date-Modified = {2015-08-17 17:33:50 +0000},
	Keywords = {Absorption Cross Sections, Atmospheric Models, Gray Gas, Radiative Transfer, Stellar Atmospheres, Stellar Spectra, Stellar Winds, Absorption Spectra, Atmospheric Physics, Equilibrium Equations, Line Spectra, Radiation Distribution, Stellar Radiation, Thermodynamic Equilibrium},
	Title = {{Stellar atmospheres /2nd edition/}},
	Year = 1978}

@article{goldreich1969,
	Adsnote = {Provided by the SAO/NASA Astrophysics Data System},
	Adsurl = {http://adsabs.harvard.edu/abs/1969ApJ...157..869G},
	Author = {{Goldreich}, P. and {Julian}, W.~H.},
	Date-Modified = {2015-08-17 17:33:50 +0000},
	Doi = {10.1086/150119},
	Journal = {\apj},
	Month = aug,
	Pages = {869},
	Title = {{Pulsar Electrodynamics}},
	Volume = 157,
	Year = 1969,
	Bdsk-Url-1 = {http://dx.doi.org/10.1086/150119}}

@ARTICLE{porquet2008,
   author = {{Porquet}, D. and {Grosso}, N. and {Predehl}, P. and {Hasinger}, G. and 
	{Yusef-Zadeh}, F. and {Aschenbach}, B. and {Trap}, G. and {Melia}, F. and 
	{Warwick}, R.~S. and {Goldwurm}, A. and {B{\'e}langer}, G. and 
	{Tanaka}, Y. and {Genzel}, R. and {Dodds-Eden}, K. and {Sakano}, M. and 
	{Ferrando}, P.},
    title = "{X-ray hiccups from Sagittarius A* observed by XMM-Newton. The second brightest flare and three moderate flares caught in half a day}",
  journal = {\aap},
archivePrefix = "arXiv",
   eprint = {0806.4088},
 keywords = {Galaxy: center, X-rays: individuals: Sgr A*, X-rays: general, radiation mechanisms: general},
     year = 2008,
    month = sep,
   volume = 488,
    pages = {549-557},
      doi = {10.1051/0004-6361:200809986},
   adsurl = {http://adsabs.harvard.edu/abs/2008A%26A...488..549P},
  adsnote = {Provided by the SAO/NASA Astrophysics Data System}
}

>@ARTICLE{barriere2014,
   author = {{Barri{\`e}re}, N.~M. and {Tomsick}, J.~A. and {Baganoff}, F.~K. and 
	{Boggs}, S.~E. and {Christensen}, F.~E. and {Craig}, W.~W. and 
	{Dexter}, J. and {Grefenstette}, B. and {Hailey}, C.~J. and 
	{Harrison}, F.~A. and {Madsen}, K.~K. and {Mori}, K. and {Stern}, D. and 
	{Zhang}, W.~W. and {Zhang}, S. and {Zoglauer}, A.},
    title = "{NuSTAR Detection of High-energy X-Ray Emission and Rapid Variability from Sagittarius A$^{sstarf}$ Flares}",
  journal = {\apj},
archivePrefix = "arXiv",
   eprint = {1403.0900},
 primaryClass = "astro-ph.HE",
 keywords = {accretion, accretion disks, Galaxy: center, stars: black holes, stars: flare, stars: individual: Sgr A*, X-rays: general},
     year = 2014,
    month = may,
   volume = 786,
      eid = {46},
    pages = {46},
      doi = {10.1088/0004-637X/786/1/46},
   adsurl = {http://adsabs.harvard.edu/abs/2014ApJ...786...46B},
  adsnote = {Provided by the SAO/NASA Astrophysics Data System}
}

@ARTICLE{chan2015b,
   author = {{Chan}, C.-k. and {Psaltis}, D. and {{\"O}zel}, F. and {Medeiros}, L. and 
	{Marrone}, D. and {Sa{\c d}owski}, A. and {Narayan}, R.},
    title = "{Fast Variability and Millimeter/IR Flares in GRMHD Models of Sgr A* from Strong-field Gravitational Lensing}",
  journal = {\apj},
archivePrefix = "arXiv",
   eprint = {1505.01500},
 primaryClass = "astro-ph.HE",
 keywords = {accretion, accretion disks, black hole physics, Galaxy: center, radiative transfer},
     year = 2015,
    month = oct,
   volume = 812,
      eid = {103},
    pages = {103},
      doi = {10.1088/0004-637X/812/2/103},
   adsurl = {http://adsabs.harvard.edu/abs/2015ApJ...812..103C},
  adsnote = {Provided by the SAO/NASA Astrophysics Data System}
}

@ARTICLE{chan2015a,
   author = {{Chan}, C.-K. and {Psaltis}, D. and {{\"O}zel}, F. and {Narayan}, R. and 
	{Sa{\c d}owski}, A.},
    title = "{The Power of Imaging: Constraining the Plasma Properties of GRMHD Simulations using EHT Observations of Sgr A*}",
  journal = {\apj},
archivePrefix = "arXiv",
   eprint = {1410.3492},
 primaryClass = "astro-ph.HE",
 keywords = {accretion, accretion disks, black hole physics, Galaxy: center, radiative transfer},
     year = 2015,
    month = jan,
   volume = 799,
      eid = {1},
    pages = {1},
      doi = {10.1088/0004-637X/799/1/1},
   adsurl = {http://adsabs.harvard.edu/abs/2015ApJ...799....1C},
  adsnote = {Provided by the SAO/NASA Astrophysics Data System}
}

@ARTICLE{neilsen2013,
   author = {{Neilsen}, J. and {Nowak}, M.~A. and {Gammie}, C. and {Dexter}, J. and 
	{Markoff}, S. and {Haggard}, D. and {Nayakshin}, S. and {Wang}, Q.~D. and 
	{Grosso}, N. and {Porquet}, D. and {Tomsick}, J.~A. and {Degenaar}, N. and 
	{Fragile}, P.~C. and {Houck}, J.~C. and {Wijnands}, R. and {Miller}, J.~M. and 
	{Baganoff}, F.~K.},
    title = "{A Chandra/HETGS Census of X-Ray Variability from Sgr A* during 2012}",
  journal = {\apj},
archivePrefix = "arXiv",
   eprint = {1307.5843},
 primaryClass = "astro-ph.HE",
 keywords = {accretion, accretion disks, black hole physics, radiation mechanisms: non-thermal},
     year = 2013,
    month = sep,
   volume = 774,
      eid = {42},
    pages = {42},
      doi = {10.1088/0004-637X/774/1/42},
   adsurl = {http://adsabs.harvard.edu/abs/2013ApJ...774...42N},
  adsnote = {Provided by the SAO/NASA Astrophysics Data System}
}

@ARTICLE{sironi2014,
   author = {{Sironi}, L. and {Spitkovsky}, A.},
    title = "{Relativistic Reconnection: An Efficient Source of Non-thermal Particles}",
  journal = {\apjl},
archivePrefix = "arXiv",
   eprint = {1401.5471},
 primaryClass = "astro-ph.HE",
 keywords = {acceleration of particles, galaxies: jets, gamma-ray burst: general, magnetic reconnection, pulsars: general, radiation mechanisms: non-thermal},
     year = 2014,
    month = mar,
   volume = 783,
      eid = {L21},
    pages = {L21},
      doi = {10.1088/2041-8205/783/1/L21},
   adsurl = {http://adsabs.harvard.edu/abs/2014ApJ...783L..21S},
  adsnote = {Provided by the SAO/NASA Astrophysics Data System}
}

@ARTICLE{guo2014,
   author = {{Guo}, X. and {Sironi}, L. and {Narayan}, R.},
    title = "{Non-thermal Electron Acceleration in Low Mach Number Collisionless Shocks. I. Particle Energy Spectra and Acceleration Mechanism}",
  journal = {\apj},
archivePrefix = "arXiv",
   eprint = {1406.5190},
 primaryClass = "astro-ph.HE",
 keywords = {acceleration of particles, galaxies: clusters: general, radiation mechanisms: non-thermal, shock waves },
     year = 2014,
    month = oct,
   volume = 794,
      eid = {153},
    pages = {153},
      doi = {10.1088/0004-637X/794/2/153},
   adsurl = {http://adsabs.harvard.edu/abs/2014ApJ...794..153G},
  adsnote = {Provided by the SAO/NASA Astrophysics Data System}
}

@ARTICLE{ressler2015,
   author = {{Ressler}, S.~M. and {Tchekhovskoy}, A. and {Quataert}, E. and 
	{Chandra}, M. and {Gammie}, C.~F.},
    title = "{Electron thermodynamics in GRMHD simulations of low-luminosity black hole accretion}",
  journal = {\mnras},
archivePrefix = "arXiv",
   eprint = {1509.04717},
 primaryClass = "astro-ph.HE",
 keywords = {MHD, stars: black holes, Galaxy: centre, galaxies: jets, galaxies: nuclei},
     year = 2015,
    month = dec,
   volume = 454,
    pages = {1848-1870},
      doi = {10.1093/mnras/stv2084},
   adsurl = {http://adsabs.harvard.edu/abs/2015MNRAS.454.1848R},
  adsnote = {Provided by the SAO/NASA Astrophysics Data System}
}

@ARTICLE{narayan1994,
   author = {{Narayan}, R. and {Yi}, I. and {Mahadevan}, R.},
    title = "{Advection-Dominated Accretion Model for Sagittarius A$^*$: Evidence for a $10^6\msun$ Black Hole at the Galactic Center}",
  journal = {ArXiv Astrophysics e-prints},
   eprint = {astro-ph/9411060},
 keywords = {Astrophysics},
     year = 1994,
    month = nov,
   adsurl = {http://adsabs.harvard.edu/abs/1994astro.ph.11060N},
  adsnote = {Provided by the SAO/NASA Astrophysics Data System}
}

@ARTICLE{yuan2014,
   author = {{Yuan}, F. and {Narayan}, R.},
    title = "{Hot Accretion Flows Around Black Holes}",
  journal = {\araa},
archivePrefix = "arXiv",
   eprint = {1401.0586},
 primaryClass = "astro-ph.HE",
     year = 2014,
    month = aug,
   volume = 52,
    pages = {529-588},
      doi = {10.1146/annurev-astro-082812-141003},
   adsurl = {http://adsabs.harvard.edu/abs/2014ARA%26A..52..529Y},
  adsnote = {Provided by the SAO/NASA Astrophysics Data System}
}

@ARTICLE{quataert1999,
   author = {{Quataert}, E. and {Gruzinov}, A.},
    title = "{Turbulence and Particle Heating in Advection-dominated Accretion Flows}",
  journal = {\apj},
   eprint = {astro-ph/9803112},
 keywords = {ACCRETION, ACCRETION DISKS, MAGNETOHYDRODYNAMICS: MHD, PLASMAS, TURBULENCE, Accretion, Accretion Disks, Magnetohydrodynamics: MHD, Plasmas, Turbulence},
     year = 1999,
    month = jul,
   volume = 520,
    pages = {248-255},
      doi = {10.1086/307423},
   adsurl = {http://adsabs.harvard.edu/abs/1999ApJ...520..248Q},
  adsnote = {Provided by the SAO/NASA Astrophysics Data System}
}

@ARTICLE{dexter2012,
   author = {{Dexter}, J. and {Agol}, E. and {Fragile}, P.~C. and {McKinney}, J.~C.
	},
    title = "{Radiative Models of Sagittarius A* and M87 from Relativistic MHD Simulations}",
  journal = {Journal of Physics Conference Series},
archivePrefix = "arXiv",
   eprint = {1202.0348},
 primaryClass = "astro-ph.HE",
     year = 2012,
    month = jul,
   volume = 372,
   number = 1,
      eid = {012023},
    pages = {012023},
      doi = {10.1088/1742-6596/372/1/012023},
   adsurl = {http://adsabs.harvard.edu/abs/2012JPhCS.372a2023D},
  adsnote = {Provided by the SAO/NASA Astrophysics Data System}
}

@ARTICLE{drappeau2013,
   author = {{Drappeau}, S. and {Dibi}, S. and {Dexter}, J. and {Markoff}, S. and 
	{Fragile}, P.~C.},
    title = "{Self-consistent spectra from radiative GRMHD simulations of accretion on to Sgr A*}",
  journal = {\mnras},
archivePrefix = "arXiv",
   eprint = {1209.4599},
 primaryClass = "astro-ph.HE",
 keywords = {accretion, accretion discs, black hole physics, MHD, radiation mechanisms: thermal, methods: numerical, Galaxy: centre},
     year = 2013,
    month = may,
   volume = 431,
    pages = {2872-2884},
      doi = {10.1093/mnras/stt388},
   adsurl = {http://adsabs.harvard.edu/abs/2013MNRAS.431.2872D},
  adsnote = {Provided by the SAO/NASA Astrophysics Data System}
}

@ARTICLE{moscibrodzka2014,
   author = {{Mo{\'s}cibrodzka}, M. and {Falcke}, H. and {Shiokawa}, H. and 
	{Gammie}, C.~F.},
    title = "{Observational appearance of inefficient accretion flows and jets in 3D GRMHD simulations: Application to Sagittarius A*}",
  journal = {\aap},
archivePrefix = "arXiv",
   eprint = {1408.4743},
 primaryClass = "astro-ph.HE",
 keywords = {accretion, accretion disks, black hole physics, magnetohydrodynamics (MHD), radiative transfer, Galaxy: center, galaxies: jets},
     year = 2014,
    month = oct,
   volume = 570,
      eid = {A7},
    pages = {A7},
      doi = {10.1051/0004-6361/201424358},
   adsurl = {http://adsabs.harvard.edu/abs/2014A%26A...570A...7M},
  adsnote = {Provided by the SAO/NASA Astrophysics Data System}
}

@ARTICLE{lazarian2012,
   author = {{Lazarian}, A. and {Vlahos}, L. and {Kowal}, G. and {Yan}, H. and 
	{Beresnyak}, A. and {de Gouveia Dal Pino}, E.~M.},
    title = "{Turbulence, Magnetic Reconnection in Turbulent Fluids and Energetic Particle Acceleration}",
  journal = {\ssr},
archivePrefix = "arXiv",
   eprint = {1211.0008},
 primaryClass = "astro-ph.SR",
 keywords = {Turbulence, Magnetic reconnection, Acceleration, Cosmic rays},
     year = 2012,
    month = nov,
   volume = 173,
    pages = {557-622},
      doi = {10.1007/s11214-012-9936-7},
   adsurl = {http://adsabs.harvard.edu/abs/2012SSRv..173..557L},
  adsnote = {Provided by the SAO/NASA Astrophysics Data System}
}

@ARTICLE{mahadevan1998,
   author = {{Mahadevan}, R.},
    title = "{Reconciling the spectrum of Sagittarius A$^{*}$ with a two-temperature plasma model}",
  journal = {\nat},
     year = 1998,
    month = aug,
   volume = 394,
    pages = {651-653},
      doi = {10.1038/29241},
   adsurl = {http://adsabs.harvard.edu/abs/1998Natur.394..651M},
  adsnote = {Provided by the SAO/NASA Astrophysics Data System}
}

@ARTICLE{ozel2000,
   author = {{{\"O}zel}, F. and {Psaltis}, D. and {Narayan}, R.},
    title = "{Hybrid Thermal-Nonthermal Synchrotron Emission from Hot Accretion Flows}",
  journal = {\apj},
   eprint = {astro-ph/0004195},
 keywords = {Accretion, Accretion Disks, Black Hole Physics, Galaxy: Center, Radiation Mechanisms: Nonthermal, Radiation Mechanisms: Thermal},
     year = 2000,
    month = sep,
   volume = 541,
    pages = {234-249},
      doi = {10.1086/309396},
   adsurl = {http://adsabs.harvard.edu/abs/2000ApJ...541..234O},
  adsnote = {Provided by the SAO/NASA Astrophysics Data System}
}

@ARTICLE{yuan2003,
   author = {{Yuan}, F. and {Quataert}, E. and {Narayan}, R.},
    title = "{Nonthermal Electrons in Radiatively Inefficient Accretion Flow Models of Sagittarius A*}",
  journal = {\apj},
   eprint = {astro-ph/0304125},
 keywords = {Accretion, Accretion Disks, Black Hole Physics, Galaxies: Active, Galaxy: Center, Radiation Mechanisms: Nonthermal, Radiation Mechanisms: Thermal},
     year = 2003,
    month = nov,
   volume = 598,
    pages = {301-312},
      doi = {10.1086/378716},
   adsurl = {http://adsabs.harvard.edu/abs/2003ApJ...598..301Y},
  adsnote = {Provided by the SAO/NASA Astrophysics Data System}
}

@ARTICLE{dodds-eden2010,
   author = {{Dodds-Eden}, K. and {Sharma}, P. and {Quataert}, E. and {Genzel}, R. and 
	{Gillessen}, S. and {Eisenhauer}, F. and {Porquet}, D.},
    title = "{Time-Dependent Models of Flares from Sagittarius A*}",
  journal = {\apj},
archivePrefix = "arXiv",
   eprint = {1005.0389},
 primaryClass = "astro-ph.GA",
 keywords = {accretion, accretion disks, black hole physics, Galaxy: center, infrared: general, radiation mechanisms: general},
     year = 2010,
    month = dec,
   volume = 725,
    pages = {450-465},
      doi = {10.1088/0004-637X/725/1/450},
   adsurl = {http://adsabs.harvard.edu/abs/2010ApJ...725..450D},
  adsnote = {Provided by the SAO/NASA Astrophysics Data System}
}

@ARTICLE{eckart2004,
   author = {{Eckart}, A. and {Baganoff}, F.~K. and {Morris}, M. and {Bautz}, M.~W. and 
	{Brandt}, W.~N. and {Garmire}, G.~P. and {Genzel}, R. and {Ott}, T. and 
	{Ricker}, G.~R. and {Straubmeier}, C. and {Viehmann}, T. and 
	{Sch{\"o}del}, R. and {Bower}, G.~C. and {Goldston}, J.~E.},
    title = "{First simultaneous NIR/X-ray detection of a flare from Sgr A*}",
  journal = {\aap},
   eprint = {astro-ph/0403577},
 keywords = {black hole physics, X-rays: general, infrared: general, accretion, accretion disks, Galaxy: center, Galaxy: nucleus},
     year = 2004,
    month = nov,
   volume = 427,
    pages = {1-11},
      doi = {10.1051/0004-6361:20040495},
   adsurl = {http://adsabs.harvard.edu/abs/2004A%26A...427....1E},
  adsnote = {Provided by the SAO/NASA Astrophysics Data System}
}

@ARTICLE{marrone2008,
   author = {{Marrone}, D.~P. and {Baganoff}, F.~K. and {Morris}, M.~R. and 
	{Moran}, J.~M. and {Ghez}, A.~M. and {Hornstein}, S.~D. and 
	{Dowell}, C.~D. and {Mu{\~n}oz}, D.~J. and {Bautz}, M.~W. and 
	{Ricker}, G.~R. and {Brandt}, W.~N. and {Garmire}, G.~P. and 
	{Lu}, J.~R. and {Matthews}, K. and {Zhao}, J.-H. and {Rao}, R. and 
	{Bower}, G.~C.},
    title = "{An X-Ray, Infrared, and Submillimeter Flare of Sagittarius A*}",
  journal = {\apj},
archivePrefix = "arXiv",
   eprint = {0712.2877},
 keywords = {Black Hole Physics, Galaxy: Center, Polarization},
     year = 2008,
    month = jul,
   volume = 682,
    pages = {373-383},
      doi = {10.1086/588806},
   adsurl = {http://adsabs.harvard.edu/abs/2008ApJ...682..373M},
  adsnote = {Provided by the SAO/NASA Astrophysics Data System}
}

@ARTICLE{gammie2003,
   author = {{Gammie}, C.~F. and {McKinney}, J.~C. and {T{\'o}th}, G.},
    title = "{HARM: A Numerical Scheme for General Relativistic Magnetohydrodynamics}",
  journal = {\apj},
   eprint = {astro-ph/0301509},
 keywords = {Accretion, Accretion Disks, Black Hole Physics, Methods: Numerical, Magnetohydrodynamics: MHD},
     year = 2003,
    month = may,
   volume = 589,
    pages = {444-457},
      doi = {10.1086/374594},
   adsurl = {http://adsabs.harvard.edu/abs/2003ApJ...589..444G},
  adsnote = {Provided by the SAO/NASA Astrophysics Data System}
}

@ARTICLE{narayan2012,
   author = {{Narayan}, R. and {S{\"A} dowski}, A. and {Penna}, R.~F. and 
	{Kulkarni}, A.~K.},
    title = "{GRMHD simulations of magnetized advection-dominated accretion on a non-spinning black hole: role of outflows}",
  journal = {\mnras},
archivePrefix = "arXiv",
   eprint = {1206.1213},
 primaryClass = "astro-ph.HE",
 keywords = {accretion, accretion discs, black hole physics, convection, methods: numerical, binaries: close, galaxies: jets},
     year = 2012,
    month = nov,
   volume = 426,
    pages = {3241-3259},
      doi = {10.1111/j.1365-2966.2012.22002.x},
   adsurl = {http://adsabs.harvard.edu/abs/2012MNRAS.426.3241N},
  adsnote = {Provided by the SAO/NASA Astrophysics Data System}
}

@BOOK{rybicki1979,
   author = {{Rybicki}, G.~B. and {Lightman}, A.~P.},
    title = "{Radiative processes in astrophysics}",
 keywords = {Astrophysics, Radiative Transfer, Atomic Structure, Bremsstrahlung, Compton Effect, Covariance, Kinematics, Molecular Structure, Plasma Radiation, Radiation Distribution, Relativistic Effects, Synchrotron Radiation},
booktitle = {New York, Wiley-Interscience, 1979.~393 p.},
     year = 1979,
   adsurl = {http://adsabs.harvard.edu/abs/1979rpa..book.....R},
  adsnote = {Provided by the SAO/NASA Astrophysics Data System}
}

@BOOK{chandrasekhar1939,
   author = {{Chandrasekhar}, S.},
    title = "{An introduction to the study of stellar structure}",
 keywords = {ASTROPHYSICS},
booktitle = {Chicago, Ill., The University of Chicago press [1939]},
     year = 1939,
   adsurl = {http://adsabs.harvard.edu/abs/1939isss.book.....C},
  adsnote = {Provided by the SAO/NASA Astrophysics Data System}
}

@ARTICLE{genzel2003,
   author = {{Genzel}, R. and {Sch{\"o}del}, R. and {Ott}, T. and {Eckart}, A. and 
	{Alexander}, T. and {Lacombe}, F. and {Rouan}, D. and {Aschenbach}, B.
	},
    title = "{Near-infrared flares from accreting gas around the supermassive black hole at the Galactic Centre}",
  journal = {\nat},
   eprint = {astro-ph/0310821},
     year = 2003,
    month = oct,
   volume = 425,
    pages = {934-937},
      doi = {10.1038/nature02065},
   adsurl = {http://adsabs.harvard.edu/abs/2003Natur.425..934G},
  adsnote = {Provided by the SAO/NASA Astrophysics Data System}
}

@ARTICLE{eckart2006,
   author = {{Eckart}, A. and {Baganoff}, F.~K. and {Sch{\"o}del}, R. and 
	{Morris}, M. and {Genzel}, R. and {Bower}, G.~C. and {Marrone}, D. and 
	{Moran}, J.~M. and {Viehmann}, T. and {Bautz}, M.~W. and {Brandt}, W.~N. and 
	{Garmire}, G.~P. and {Ott}, T. and {Trippe}, S. and {Ricker}, G.~R. and 
	{Straubmeier}, C. and {Roberts}, D.~A. and {Yusef-Zadeh}, F. and 
	{Zhao}, J.~H. and {Rao}, R.},
    title = "{The flare activity of Sagittarius A*. New coordinated mm to X-ray observations}",
  journal = {\aap},
   eprint = {astro-ph/0512440},
     year = 2006,
    month = may,
   volume = 450,
    pages = {535-555},
      doi = {10.1051/0004-6361:20054418},
   adsurl = {http://adsabs.harvard.edu/abs/2006A%26A...450..535E},
  adsnote = {Provided by the SAO/NASA Astrophysics Data System}
}

@ARTICLE{gammie1998,
   author = {{Gammie}, C.~F. and {Popham}, R.},
    title = "{Advection-dominated Accretion Flows in the Kerr Metric. I. Basic Equations}",
  journal = {\apj},
   eprint = {astro-ph/9705117},
 keywords = {ACCRETION, ACCRETION DISKS, HYDRODYNAMICS, RELATIVITY, Accretion, Accretion Disks, Hydrodynamics, Relativity},
     year = 1998,
    month = may,
   volume = 498,
    pages = {313-326},
      doi = {10.1086/305521},
   adsurl = {http://adsabs.harvard.edu/abs/1998ApJ...498..313G},
  adsnote = {Provided by the SAO/NASA Astrophysics Data System}
}

@ARTICLE{ball2016,
    author = {{Ball}, D. and {{\"O}zel}, F. and {Psaltis}, D. and {Chan}, C.-k.
        },
    title = "{Particle Acceleration and the Origin of X-Ray Flares in GRMHD Simulations of SGR A}",
  journal = {\apj},
archivePrefix = "arXiv",
   eprint = {1602.05968},
 primaryClass = "astro-ph.HE",
 keywords = {acceleration of particles, accretion, accretion disks, black hole physics, magnetic reconnection, magnetohydrodynamics: MHD, radiative transfer},
     year = 2016,
    month = jul,
   volume = 826,
      eid = {77},
    pages = {77},
      doi = {10.3847/0004-637X/826/1/77},
   adsurl = {http://adsabs.harvard.edu/abs/2016ApJ...826...77B},
  adsnote = {Provided by the SAO/NASA Astrophysics Data System}
}

@book{kulsrud2005,
    title = "Plasma physics for astrophysics",
    author = "Kulsrud, Russell M.",
    series = "Princeton series in astrophysics",
    publisher = "Princeton, N.J. Princeton University Press",
    isbn = "0-691-10267-8",
    year = 2005
}   

@ARTICLE{zhdankin2013,
   author = {{Zhdankin}, V. and {Uzdensky}, D.~A. and {Perez}, J.~C. and 
       {Boldyrev}, S.},
   title = "{Statistical Analysis of Current Sheets in Three-dimensional Magnetohydrodynamic Turbulence}",
  journal = {\apj},
archivePrefix = "arXiv",
   eprint = {1302.1460},
 primaryClass = "astro-ph.HE",
 keywords = {magnetic reconnection, magnetohydrodynamics: MHD, plasmas, turbulence },
     year = 2013,
    month = jul,
   volume = 771,
      eid = {124},
    pages = {124},
      doi = {10.1088/0004-637X/771/2/124},
   adsurl = {http://adsabs.harvard.edu/abs/2013ApJ...771..124Z},
  adsnote = {Provided by the SAO/NASA Astrophysics Data System}
}   

@ARTICLE{melzani2014,
   author = {{Melzani}, M. and {Walder}, R. and {Folini}, D. and {Winisdoerffer}, C. and
      {Winisdoerffer}, C. and
         {Favre}, J.~M.},
   title = "{Relativistic magnetic reconnection in collisionless ion-electron plasmas explored with particle-in-cell simulations}",
  journal = {\aap},
archivePrefix = "arXiv",
   eprint = {1404.7366},
 primaryClass = "astro-ph.HE",
 keywords = {plasmas, magnetic reconnection, relativistic processes, methods: numerical, instabilities},
     year = 2014,
    month = oct,
   volume = 570,
      eid = {A111},
    pages = {A111},
      doi = {10.1051/0004-6361/201424083},
   adsurl = {http://adsabs.harvard.edu/abs/2014A%26A...570A.111M},
  adsnote = {Provided by the SAO/NASA Astrophysics Data System}
}

@ARTICLE{ressler2016,
   author = {{Ressler}, S.~M. and {Tchekhovskoy}, A. and {Quataert}, E. and 
      {Gammie}, C.~F.},
title = "{The Disc-Jet Symbiosis Emerges: Modeling the Emission of Sagittarius A* with Electron Thermodynamics}",
  journal = {ArXiv e-prints},
archivePrefix = "arXiv",
   eprint = {1611.09365},
 primaryClass = "astro-ph.HE",
 keywords = {Astrophysics - High Energy Astrophysical Phenomena},
     year = 2016,
    month = nov,
   adsurl = {http://adsabs.harvard.edu/abs/2016arXiv161109365R},
  adsnote = {Provided by the SAO/NASA Astrophysics Data System}
}
@ARTICLE{dahlin2016,
   author = {{Dahlin}, J.~T. and {Drake}, J.~F. and {Swisdak}, M.},
    title = "{The Scaling of Electron Acceleration in Magnetic Reconnection wit\
h a Guide Field}",
  journal = {ArXiv e-prints},
archivePrefix = "arXiv",
   eprint = {1607.03857},
 primaryClass = "physics.plasm-ph",
 keywords = {Physics - Plasma Physics},
     year = 2016,
    month = jul,
   adsurl = {http://adsabs.harvard.edu/abs/2016arXiv160703857D},
  adsnote = {Provided by the SAO/NASA Astrophysics Data System}
}

@ARTICLE{wangh2016,
   author = {{Wang}, H. and {Lu}, Q. and {Huang}, C. and {Wang}, S.},
    title = "{The Mechanisms of Electron Acceleration During Multiple X Line Magnetic Reconnection with a Guide Field}",
  journal = {\apj},
archivePrefix = "arXiv",
   eprint = {1602.05315},
 primaryClass = "physics.space-ph",
 keywords = {acceleration of particles, magnetic reconnection, Sun: corona, Sun: flares},
     year = 2016,
    month = apr,
   volume = 821,
      eid = {84},
    pages = {84},
      doi = {10.3847/0004-637X/821/2/84},
   adsurl = {http://adsabs.harvard.edu/abs/2016ApJ...821...84W},
  adsnote = {Provided by the SAO/NASA Astrophysics Data System}
}


@ARTICLE{stanier2016,
   author = {{Stanier}, A. and {Daughton}, W. and {Simakov}, A.~N. and {Chacon}, L. and {Le}, A. and {Karimabadi}, H. and {Ng}, J. and {Bhattacharjee}, A.
    },
title = "{The role of guide field in magnetic reconnection driven by island coalescence}",
  journal = {ArXiv e-prints},
archivePrefix = "arXiv",
   eprint = {1611.05933},
 primaryClass = "physics.plasm-ph",
 keywords = {Physics - Plasma Physics, Physics - Space Physics},
     year = 2016,
    month = nov,
   adsurl = {http://adsabs.harvard.edu/abs/2016arXiv161105933S},
  adsnote = {Provided by the SAO/NASA Astrophysics Data System}
}

@ARTICLE{werner2016,
   author = {{Werner}, G.~R. and {Uzdensky}, D.~A. and {Cerutti}, B. and 
	{Nalewajko}, K. and {Begelman}, M.~C.},
    title = "{The Extent of Power-law Energy Spectra in Collisionless Relativistic Magnetic Reconnection in Pair Plasmas}",
  journal = {\apjl},
archivePrefix = "arXiv",
   eprint = {1409.8262},
 primaryClass = "astro-ph.HE",
 keywords = {acceleration of particles, galaxies: jets, gamma-ray burst: general, magnetic reconnection, pulsars: general, relativistic processes},
     year = 2016,
    month = jan,
   volume = 816,
      eid = {L8},
    pages = {L8},
      doi = {10.3847/2041-8205/816/1/L8},
   adsurl = {http://adsabs.harvard.edu/abs/2016ApJ...816L...8W},
  adsnote = {Provided by the SAO/NASA Astrophysics Data System}
}




@ARTICLE{werner2018,
   author = {{Werner}, G.~R. and {Uzdensky}, D.~A. and {Begelman}, M.~C. and 
	{Cerutti}, B. and {Nalewajko}, K.},
    title = "{Non-thermal particle acceleration in collisionless relativistic electron-proton reconnection}",
  journal = {\mnras},
archivePrefix = "arXiv",
   eprint = {1612.04493},
 primaryClass = "astro-ph.HE",
 keywords = {acceleration of particles, accretion, accretion discs, magnetic reconnection, relativistic processes, BL Lacertae objects: general, X-rays: binaries},
     year = 2018,
    month = feb,
   volume = 473,
    pages = {4840-4861},
      doi = {10.1093/mnras/stx2530},
   adsurl = {http://adsabs.harvard.edu/abs/2018MNRAS.473.4840W},
  adsnote = {Provided by the SAO/NASA Astrophysics Data System}
}



@INPROCEEDINGS{pino2015,
   author = {{de Gouveia Dal Pino}, E.~M. and {Kowal}, G.},
    title = "{Particle Acceleration by Magnetic Reconnection}",
 keywords = {Physics},
booktitle = {Magnetic Fields in Diffuse Media},
     year = 2015,
   series = {Astrophysics and Space Science Library},
   volume = 407,
archivePrefix = "arXiv",
   eprint = {1302.4374},
 primaryClass = "astro-ph.HE",
   editor = {{Lazarian}, A. and {de Gouveia Dal Pino}, E.~M. and {Melioli}, C.
},
    pages = {373},
      doi = {10.1007/978-3-662-44625-6_13},
   adsurl = {http://adsabs.harvard.edu/abs/2015ASSL..407..373D},
  adsnote = {Provided by the SAO/NASA Astrophysics Data System}
}

@ARTICLE{guod_14,
   author = {{Guo}, F. and {Li}, H. and {Daughton}, W. and {Liu}, Y.-H.},
    title = "{Formation of Hard Power Laws in the Energetic Particle Spectra Resulting from Relativistic Magnetic Reconnection}",
  journal = {Physical Review Letters},
archivePrefix = "arXiv",
   eprint = {1405.4040},
 primaryClass = "astro-ph.HE",
 keywords = {Relativistic plasmas, Magnetic reconnection, Active and peculiar galaxies and related systems, gamma-ray sources, gamma-ray bursts},
     year = 2014,
    month = oct,
   volume = 113,
   number = 15,
      eid = {155005},
    pages = {155005},
      doi = {10.1103/PhysRevLett.113.155005},
   adsurl = {http://adsabs.harvard.edu/abs/2014PhRvL.113o5005G},
  adsnote = {Provided by the SAO/NASA Astrophysics Data System}
}

@ARTICLE{guo2015,
   author = {{Guo}, F. and {Liu}, Y.-H. and {Daughton}, W. and {Li}, H.},
    title = "{Particle Acceleration and Plasma Dynamics during Magnetic Reconnection in the Magnetically Dominated Regime}",
  journal = {\apj},
archivePrefix = "arXiv",
   eprint = {1504.02193},
 primaryClass = "astro-ph.HE",
 keywords = {acceleration of particles, galaxies: jets, gamma-ray burst: general, magnetic reconnection, pulsars: general, relativistic processes},
     year = 2015,
    month = jun,
   volume = 806,
      eid = {167},
    pages = {167},
      doi = {10.1088/0004-637X/806/2/167},
   adsurl = {http://adsabs.harvard.edu/abs/2015ApJ...806..167G},
  adsnote = {Provided by the SAO/NASA Astrophysics Data System}
}

@ARTICLE{guo_16,
   author = {{Guo}, F. and {Li}, X. and {Li}, H. and {Daughton}, W. and {Zhang}, B. and 
	{Lloyd-Ronning}, N. and {Liu}, Y.-H. and {Zhang}, H. and {Deng}, W.
	},
    title = "{Efficient Production of High-energy Nonthermal Particles during Magnetic Reconnection in a Magnetically Dominated Ion{\ndash}Electron Plasma}",
  journal = {\apjl},
archivePrefix = "arXiv",
   eprint = {1511.01434},
 primaryClass = "astro-ph.HE",
 keywords = {acceleration of particles, galaxies: jets, gamma-ray burst: general, magnetic reconnection, pulsars: general, relativistic processes},
     year = 2016,
    month = feb,
   volume = 818,
      eid = {L9},
    pages = {L9},
      doi = {10.3847/2041-8205/818/1/L9},
   adsurl = {http://adsabs.harvard.edu/abs/2016ApJ...818L...9G},
  adsnote = {Provided by the SAO/NASA Astrophysics Data System}
}


@ARTICLE{drake2013,
   author = {{Drake}, J.~F. and {Swisdak}, M. and {Fermo}, R.},
    title = "{The Power-law Spectra of Energetic Particles during Multi-island Magnetic Reconnection}",
  journal = {\apjl},
archivePrefix = "arXiv",
   eprint = {1210.4830},
 primaryClass = "astro-ph.SR",
 keywords = {acceleration of particles, magnetic reconnection, solar wind, Sun: corona, Sun: flares, Sun: heliosphere},
     year = 2013,
    month = jan,
   volume = 763,
      eid = {L5},
    pages = {L5},
      doi = {10.1088/2041-8205/763/1/L5},
   adsurl = {http://adsabs.harvard.edu/abs/2013ApJ...763L...5D},
  adsnote = {Provided by the SAO/NASA Astrophysics Data System}
}

@ARTICLE{sironi2016,
   author = {{Sironi}, L. and {Giannios}, D. and {Petropoulou}, M.},
    title = "{Plasmoids in relativistic reconnection, from birth to adulthood: first they grow, then they go}",
  journal = {\mnras},
archivePrefix = "arXiv",
   eprint = {1605.02071},
 primaryClass = "astro-ph.HE",
 keywords = {magnetic reconnection, MHD, radiation mechanisms: non-thermal, gamma-ray burst: general, pulsars: general, galaxies: jets},
     year = 2016,
    month = oct,
   volume = 462,
    pages = {48-74},
      doi = {10.1093/mnras/stw1620},
   adsurl = {http://adsabs.harvard.edu/abs/2016MNRAS.462...48S},
  adsnote = {Provided by the SAO/NASA Astrophysics Data System}
}


@ARTICLE{sironi2009,
   author = {{Sironi}, L. and {Spitkovsky}, A.},
    title = "{Particle Acceleration in Relativistic Magnetized Collisionless Pair Shocks: Dependence of Shock Acceleration on Magnetic Obliquity}",
  journal = {\apj},
archivePrefix = "arXiv",
   eprint = {0901.2578},
 primaryClass = "astro-ph.HE",
 keywords = {acceleration of particles, gamma rays: bursts, shock waves},
     year = 2009,
    month = jun,
   volume = 698,
    pages = {1523-1549},
      doi = {10.1088/0004-637X/698/2/1523},
   adsurl = {http://adsabs.harvard.edu/abs/2009ApJ...698.1523S},
  adsnote = {Provided by the SAO/NASA Astrophysics Data System}
}



@ARTICLE{kagan2015,
   author = {{Kagan}, D. and {Sironi}, L. and {Cerutti}, B. and {Giannios}, D.
},
    title = "{Relativistic Magnetic Reconnection in Pair Plasmas and Its Astrophysical Applications}",
  journal = {\ssr},
archivePrefix = "arXiv",
   eprint = {1412.2451},
 primaryClass = "astro-ph.HE",
 keywords = {Acceleration of particles, Galaxies: active, Instabilities, Magnetic reconnection, Pulsars: general, Radiation mechanisms: non-thermal, Relativistic processes},
     year = 2015,
    month = oct,
   volume = 191,
    pages = {545-573},
      doi = {10.1007/s11214-014-0132-9},
   adsurl = {http://adsabs.harvard.edu/abs/2015SSRv..191..545K},
  adsnote = {Provided by the SAO/NASA Astrophysics Data System}
}

@ARTICLE{chael2017,
   author = {{Chael}, A. and {Narayan}, R. and {Sadowski}, A.},
    title = "{Evolving Nonthermal Electrons in Simulations of Black Hole Accretion}",
  journal = {ArXiv e-prints},
archivePrefix = "arXiv",
   eprint = {1704.05092},
 primaryClass = "astro-ph.HE",
 keywords = {Astrophysics - High Energy Astrophysical Phenomena},
     year = 2017,
    month = apr,
   adsurl = {http://adsabs.harvard.edu/abs/2017arXiv170405092C},
  adsnote = {Provided by the SAO/NASA Astrophysics Data System}
}

@ARTICLE{sadowski2013,
   author = {{S{\c a}dowski}, A. and {Narayan}, R. and {Penna}, R. and {Zhu}, Y.},
    title = "{Energy, momentum and mass outflows and feedback from thick accretion discs around rotating black holes}",
  journal = {\mnras},
archivePrefix = "arXiv",
   eprint = {1307.1143},
 primaryClass = "astro-ph.HE",
 keywords = {accretion, accretion discs, black hole physics, relativistic processes, methods: numerical, galaxies: jets},
     year = 2013,
    month = dec,
   volume = 436,
    pages = {3856-3874},
      doi = {10.1093/mnras/stt1881},
   adsurl = {http://adsabs.harvard.edu/abs/2013MNRAS.436.3856S},
  adsnote = {Provided by the SAO/NASA Astrophysics Data System}
}

@ARTICLE{shay2014,
   author = {{Shay}, M.~A. and {Haggerty}, C.~C. and {Phan}, T.~D. and {Drake}, J.~F. and 
{Cassak}, P.~A. and {Wu}, P. and {Oieroset}, M. and {Swisdak}, M. and 
{Malakit}, K.},
    title = "{Electron heating during magnetic reconnection: A simulation scaling study}",
  journal = {Physics of Plasmas},
archivePrefix = "arXiv",
   eprint = {1410.1206},
 primaryClass = "physics.plasm-ph",
     year = 2014,
    month = dec,
   volume = 21,
   number = 12,
      eid = {122902},
    pages = {122902},
      doi = {10.1063/1.4904203},
   adsurl = {http://adsabs.harvard.edu/abs/2014PhPl...21l2902S},
  adsnote = {Provided by the SAO/NASA Astrophysics Data System}
}

@ARTICLE{dahlin2014,
   author = {{Dahlin}, J.~T. and {Drake}, J.~F. and {Swisdak}, M.},
    title = "{The mechanisms of electron heating and acceleration during magnetic reconnection}",
  journal = {Physics of Plasmas},
archivePrefix = "arXiv",
   eprint = {1406.0831},
 primaryClass = "physics.plasm-ph",
     year = 2014,
    month = sep,
   volume = 21,
   number = 9,
      eid = {092304},
    pages = {092304},
      doi = {10.1063/1.4894484},
   adsurl = {http://adsabs.harvard.edu/abs/2014PhPl...21i2304D},
  adsnote = {Provided by the SAO/NASA Astrophysics Data System}
}

@ARTICLE{dahlin2016b,
   author = {{Dahlin}, J.~T. and {Drake}, J.~F. and {Swisdak}, M.},
    title = "{Parallel electric fields are inefficient drivers of energetic electrons in magnetic reconnection}",
  journal = {Physics of Plasmas},
archivePrefix = "arXiv",
   eprint = {1607.03857},
 primaryClass = "physics.plasm-ph",
     year = 2016,
    month = dec,
   volume = 23,
   number = 12,
      eid = {120704},
    pages = {120704},
      doi = {10.1063/1.4972082},
   adsurl = {http://adsabs.harvard.edu/abs/2016PhPl...23l0704D},
  adsnote = {Provided by the SAO/NASA Astrophysics Data System}
}

@ARTICLE{dahlin2015,
   author = {{Dahlin}, J.~T. and {Drake}, J.~F. and {Swisdak}, M.},
    title = "{Electron acceleration in three-dimensional magnetic reconnection with a guide field}",
  journal = {Physics of Plasmas},
archivePrefix = "arXiv",
   eprint = {1503.02218},
 primaryClass = "physics.plasm-ph",
     year = 2015,
    month = oct,
   volume = 22,
   number = 10,
      eid = {100704},
    pages = {100704},
      doi = {10.1063/1.4933212},
   adsurl = {http://adsabs.harvard.edu/abs/2015PhPl...22j0704D},
  adsnote = {Provided by the SAO/NASA Astrophysics Data System}
}
@ARTICLE{egedal2015,
   author = {{Egedal}, J. and {Daughton}, W. and {Le}, A. and {Borg}, A.~L.
},
    title = "{Double layer electric fields aiding the production of energetic flat-top distributions and superthermal electrons within magnetic reconnection exhausts}",
  journal = {Physics of Plasmas},
archivePrefix = "arXiv",
   eprint = {1504.08045},
 primaryClass = "physics.plasm-ph",
     year = 2015,
    month = oct,
   volume = 22,
   number = 10,
      eid = {101208},
    pages = {101208},
      doi = {10.1063/1.4933055},
   adsurl = {http://adsabs.harvard.edu/abs/2015PhPl...22j1208E},
  adsnote = {Provided by the SAO/NASA Astrophysics Data System}
}

@ARTICLE{munoz2017,
   author = {{Mu{\~n}oz}, P.~A. and {B{\"u}chner}, J.},
    title = "{Two-stage electron acceleration by 3D collisionless guide field magnetic reconnection}",
  journal = {ArXiv e-prints},
archivePrefix = "arXiv",
   eprint = {1705.01066},
 primaryClass = "physics.plasm-ph",
 keywords = {Physics - Plasma Physics, Astrophysics - Solar and Stellar Astrophysics, Physics - Space Physics},
     year = 2017,
    month = may,
   adsurl = {http://adsabs.harvard.edu/abs/2017arXiv170501066M},
  adsnote = {Provided by the SAO/NASA Astrophysics Data System}
}

@ARTICLE{schoeffler2011,
   author = {{Schoeffler}, K.~M. and {Drake}, J.~F. and {Swisdak}, M.},
    title = "{The Effects of Plasma Beta and Anisotropy Instabilities on the Dynamics of Reconnecting Magnetic Fields in the Heliosheath}",
  journal = {\apj},
archivePrefix = "arXiv",
   eprint = {1107.5558},
 primaryClass = "astro-ph.SR",
 keywords = {instabilities, magnetic reconnection, methods: numerical, plasmas, Sun: general, Sun: heliosphere},
     year = 2011,
    month = dec,
   volume = 743,
      eid = {70},
    pages = {70},
      doi = {10.1088/0004-637X/743/1/70},
   adsurl = {http://adsabs.harvard.edu/abs/2011ApJ...743...70S},
  adsnote = {Provided by the SAO/NASA Astrophysics Data System}
}

@ARTICLE{schoeffler2013,
   author = {{Schoeffler}, K.~M. and {Drake}, J.~F. and {Swisdak}, M. and 
{Knizhnik}, K.},
    title = "{The Role of Pressure Anisotropy on Particle Acceleration during Magnetic Reconnection}",
  journal = {\apj},
 keywords = {magnetic reconnection, methods: numerical, plasmas, Sun: general, Sun: heliosphere },
     year = 2013,
    month = feb,
   volume = 764,
      eid = {126},
    pages = {126},
      doi = {10.1088/0004-637X/764/2/126},
   adsurl = {http://adsabs.harvard.edu/abs/2013ApJ...764..126S},
  adsnote = {Provided by the SAO/NASA Astrophysics Data System}
}

@ARTICLE{brittnacher1995,
   author = {{Brittnacher}, M. and {Quest}, K.~B. and {Karimabadi}, H.},
    title = "{A new approach to the linear theory of single-species tearing in two-dimensional quasi-neutral sheets}",
  journal = {\jgr},
 keywords = {Collisionless Plasmas, Geomagnetic Tail, Ions, Neutral Sheets, Stability, Tearing Modes (Plasmas), Algorithms, Computerized Simulation, Eigenvalues, Equilibrium Equations, Gyrofrequency, Pitch (Inclination), Scattering Functions},
     year = 1995,
    month = mar,
   volume = 100,
    pages = {3551-3562},
      doi = {10.1029/94JA02743},
   adsurl = {http://adsabs.harvard.edu/abs/1995JGR...100.3551B},
  adsnote = {Provided by the SAO/NASA Astrophysics Data System}
}

@ARTICLE{nalewajko2015,
   author = {{Nalewajko}, K. and {Uzdensky}, D.~A. and {Cerutti}, B. and 
	{Werner}, G.~R. and {Begelman}, M.~C.},
    title = "{On the Distribution of Particle Acceleration Sites in Plasmoid-dominated Relativistic Magnetic Reconnection}",
  journal = {\apj},
archivePrefix = "arXiv",
   eprint = {1508.02392},
 primaryClass = "astro-ph.HE",
 keywords = {acceleration of particles, magnetic reconnection},
     year = 2015,
    month = dec,
   volume = 815,
      eid = {101},
    pages = {101},
      doi = {10.1088/0004-637X/815/2/101},
   adsurl = {http://adsabs.harvard.edu/abs/2015ApJ...815..101N},
  adsnote = {Provided by the SAO/NASA Astrophysics Data System}
}

@ARTICLE{rowan2017,
   author = {{Rowan}, M.~E. and {Sironi}, L. and {Narayan}, R.},
    title = "{Electron and proton heating in trans-relativistic magnetic reconnection}",
  journal = {ArXiv e-prints},
archivePrefix = "arXiv",
   eprint = {1708.04627},
 primaryClass = "astro-ph.HE",
 keywords = {Astrophysics - High Energy Astrophysical Phenomena, Physics - Plasma Physics},
     year = 2017,
    month = aug,
   adsurl = {http://adsabs.harvard.edu/abs/2017arXiv170804627R},
  adsnote = {Provided by the SAO/NASA Astrophysics Data System}
}

@ARTICLE{ball2017,
   author = {{Ball}, D. and {{\"O}zel}, F. and {Psaltis}, D. and {Chan}, C.-K. and 
	{Sironi}, L.},
    title = "{The Properties of Reconnection Current Sheets in GRMHD Simulations of Radiatively Inefficient Accretion Flows}",
  journal = {ArXiv e-prints},
archivePrefix = "arXiv",
   eprint = {1705.06293},
 primaryClass = "astro-ph.HE",
 keywords = {Astrophysics - High Energy Astrophysical Phenomena},
     year = 2017,
    month = may,
   adsurl = {http://adsabs.harvard.edu/abs/2017arXiv170506293B},
  adsnote = {Provided by the SAO/NASA Astrophysics Data System}
}



    
@ARTICLE{forbes1996,
   author = {{Forbes}, T.~G. and {Acton}, L.~W.},
    title = "{Reconnection and Field Line Shrinkage in Solar Flares}",
  journal = {\apj},
 keywords = {MAGNETOHYDRODYNAMICS: MHD, SUN: FLARES, SUN: X-RAYS, GAMMA RAYS},
     year = 1996,
    month = mar,
   volume = 459,
    pages = {330},
      doi = {10.1086/176896},
   adsurl = {http://adsabs.harvard.edu/abs/1996ApJ...459..330F},
  adsnote = {Provided by the SAO/NASA Astrophysics Data System}
}

@article{yokoyama2001,
  author={T. Yokoyama and K. Akita and T. Morimoto and K. Inoue and J. Newmark},
  title={Clear Evidence of Reconnection Inflow of a Solar Flare},
  journal={The Astrophysical Journal Letters},
  volume={546},
  number={1},
  pages={L69},
  url={http://stacks.iop.org/1538-4357/546/i=1/a=L69},
  year={2001},
  abstract={We found an important piece of evidence for magnetic reconnection inflow in a flare on 1999 March 18. The flare occurred on the northeast limb, displaying a nice cusp-shaped soft X-ray loop and a plasmoid ejection typical for the long-duration events. The EUV observation of the same flare shows us a bubble-like void ejection. The core of this EUV void corresponds to the soft X-ray plasmoid. Moreover, as this void is ejected, magnetic reconnection occurs at the disconnecting point. A clear ongoing pattern toward the magnetic X -point is seen. The velocity of this apparent motion is about 5 km s -1 , which is an upper limit on reconnection inflow speed. Based on this observation, we derive the reconnection rate as M A = 0.001-0.03, where M A is an Alfvén Mach number of the inflow.}
}

@Article{shibata2011,
author="Shibata, Kazunari
and Magara, Tetsuya",
title="Solar Flares: Magnetohydrodynamic Processes",
journal="Living Reviews in Solar Physics",
year="2011",
month="Dec",
day="15",
volume="8",
number="1",
pages="6",
abstract="This paper outlines the current understanding of solar flares, mainly focused on magnetohydrodynamic (MHD) processes responsible for producing a flare. Observations show that flares are one of the most explosive phenomena in the atmosphere of the Sun, releasing a huge amount of energy up to about 1032 erg on the timescale of hours. Flares involve the heating of plasma, mass ejection, and particle acceleration that generates high-energy particles. The key physical processes for producing a flare are: the emergence of magnetic field from the solar interior to the solar atmosphere (flux emergence), local enhancement of electric current in the corona (formation of a current sheet), and rapid dissipation of electric current (magnetic reconnection) that causes shock heating, mass ejection, and particle acceleration. The evolution toward the onset of a flare is rather quasi-static when free energy is accumulated in the form of coronal electric current (field-aligned current, more precisely), while the dissipation of coronal current proceeds rapidly, producing various dynamic events that affect lower atmospheres such as the chromosphere and photosphere. Flares manifest such rapid dissipation of coronal current, and their theoretical modeling has been developed in accordance with observations, in which numerical simulations proved to be a strong tool reproducing the time-dependent, nonlinear evolution of a flare. We review the models proposed to explain the physical mechanism of flares, giving an comprehensive explanation of the key processes mentioned above. We start with basic properties of flares, then go into the details of energy build-up, release and transport in flares where magnetic reconnection works as the central engine to produce a flare.",
issn="1614-4961",
doi="10.12942/lrsp-2011-6",
url="https://doi.org/10.12942/lrsp-2011-6"
}

@ARTICLE{li2017,
   author = {{Li}, Y.-P. and {Yuan}, F. and {Wang}, Q.~D.},
    title = "{A magnetohydrodynamic model for multiwavelength flares from Sagittarius A$^{⋆}$ (I): model and the near-infrared and X-ray flares}",
  journal = {\mnras},
archivePrefix = "arXiv",
   eprint = {1611.02904},
 primaryClass = "astro-ph.HE",
 keywords = {accretion, accretion discs, black hole physics, magnetic reconnection, MHD, radiation mechanisms: non-thermal, Galaxy: centre},
     year = 2017,
    month = jul,
   volume = 468,
    pages = {2552-2568},
      doi = {10.1093/mnras/stx655},
   adsurl = {http://adsabs.harvard.edu/abs/2017MNRAS.468.2552L},
  adsnote = {Provided by the SAO/NASA Astrophysics Data System}
}

@ARTICLE{cerutti2012,
   author = {{Cerutti}, B. and {Uzdensky}, D.~A. and {Begelman}, M.~C.},
    title = "{Extreme Particle Acceleration in Magnetic Reconnection Layers: Application to the Gamma-Ray Flares in the Crab Nebula}",
  journal = {\apj},
archivePrefix = "arXiv",
   eprint = {1110.0557},
 primaryClass = "astro-ph.HE",
 keywords = {acceleration of particles, gamma rays: stars, ISM: individual objects: Crab Nebula, magnetic reconnection, radiation mechanisms: non-thermal},
     year = 2012,
    month = feb,
   volume = 746,
      eid = {148},
    pages = {148},
      doi = {10.1088/0004-637X/746/2/148},
   adsurl = {http://adsabs.harvard.edu/abs/2012ApJ...746..148C},
  adsnote = {Provided by the SAO/NASA Astrophysics Data System}
}

	

@ARTICLE{cerutti2014,
   author = {{Cerutti}, B. and {Werner}, G.~R. and {Uzdensky}, D.~A. and 
	{Begelman}, M.~C.},
    title = "{Gamma-ray flares in the Crab Nebula: A case of relativistic reconnection?a)}",
  journal = {Physics of Plasmas},
archivePrefix = "arXiv",
   eprint = {1401.3016},
 primaryClass = "astro-ph.HE",
     year = 2014,
    month = may,
   volume = 21,
   number = 5,
      eid = {056501},
    pages = {056501},
      doi = {10.1063/1.4872024},
   adsurl = {http://adsabs.harvard.edu/abs/2014PhPl...21e6501C},
  adsnote = {Provided by the SAO/NASA Astrophysics Data System}
}


@ARTICLE{nalewajko2016,
   author = {{Nalewajko}, K.},
    title = "{Applying Relativistic Reconnection to Blazar Jets}",
  journal = {Galaxies},
archivePrefix = "arXiv",
   eprint = {1609.01722},
 primaryClass = "astro-ph.HE",
     year = 2016,
    month = sep,
   volume = 4,
    pages = {28},
      doi = {10.3390/galaxies4030028},
   adsurl = {http://adsabs.harvard.edu/abs/2016Galax...4...28N},
  adsnote = {Provided by the SAO/NASA Astrophysics Data System}
}

@ARTICLE{petropoulou2016,
   author = {{Petropoulou}, M. and {Giannios}, D. and {Sironi}, L.},
    title = "{Blazar flares powered by plasmoids in relativistic reconnection}",
  journal = {\mnras},
archivePrefix = "arXiv",
   eprint = {1606.07447},
 primaryClass = "astro-ph.HE",
 keywords = {acceleration of particles, magnetic reconnection, radiation mechanisms: non-thermal, galaxies: active},
     year = 2016,
    month = nov,
   volume = 462,
    pages = {3325-3343},
      doi = {10.1093/mnras/stw1832},
   adsurl = {http://adsabs.harvard.edu/abs/2016MNRAS.462.3325P},
  adsnote = {Provided by the SAO/NASA Astrophysics Data System}
}


@ARTICLE{giannios2013,
   author = {{Giannios}, D.},
    title = "{Reconnection-driven plasmoids in blazars: fast flares on a slow envelope}",
  journal = {\mnras},
archivePrefix = "arXiv",
   eprint = {1211.0296},
 primaryClass = "astro-ph.HE",
 keywords = {galaxies: active, BL Lacertae objects: individual: PKS 1222+216, BL Lacertae objects: individual: PKS 2155-304, gamma rays: general},
     year = 2013,
    month = may,
   volume = 431,
    pages = {355-363},
      doi = {10.1093/mnras/stt167},
   adsurl = {http://adsabs.harvard.edu/abs/2013MNRAS.431..355G},
  adsnote = {Provided by the SAO/NASA Astrophysics Data System}
}


@ARTICLE{sironi2017,
   author = {{Sironi}, L. and {Cerutti}, B.},
    title = "{Particle Acceleration in Pulsar Wind Nebulae: PIC modelling}",
  journal = {ArXiv e-prints},
archivePrefix = "arXiv",
   eprint = {1705.10815},
 primaryClass = "astro-ph.HE",
 keywords = {Astrophysics - High Energy Astrophysical Phenomena},
     year = 2017,
    month = may,
   adsurl = {http://adsabs.harvard.edu/abs/2017arXiv170510815S},
  adsnote = {Provided by the SAO/NASA Astrophysics Data System}
}

@ARTICLE{sironi2011,
   author = {{Sironi}, L. and {Spitkovsky}, A.},
    title = "{Particle Acceleration in Relativistic Magnetized Collisionless Electron-Ion Shocks}",
  journal = {\apj},
archivePrefix = "arXiv",
   eprint = {1009.0024},
 primaryClass = "astro-ph.HE",
 keywords = {acceleration of particles, cosmic rays, galaxies: jets, gamma-ray burst: general, shock waves},
     year = 2011,
    month = jan,
   volume = 726,
      eid = {75},
    pages = {75},
      doi = {10.1088/0004-637X/726/2/75},
   adsurl = {http://adsabs.harvard.edu/abs/2011ApJ...726...75S},
  adsnote = {Provided by the SAO/NASA Astrophysics Data System}
}


@ARTICLE{li_guo_2017,
   author = {{Li}, X. and {Guo}, F. and {Li}, H. and {Li}, G.},
    title = "{Particle Acceleration during Magnetic Reconnection in a Low-beta Plasma}",
  journal = {\apj},
 keywords = {acceleration of particles, accretion, accretion disks, magnetic reconnection, Sun: corona, Sun: flares},
     year = 2017,
    month = jul,
   volume = 843,
      eid = {21},
    pages = {21},
      doi = {10.3847/1538-4357/aa745e},
   adsurl = {http://adsabs.harvard.edu/abs/2017ApJ...843...21L},
  adsnote = {Provided by the SAO/NASA Astrophysics Data System}
}


@ARTICLE{comisso2016,
   author = {{Comisso}, L. and {Lingam}, M. and {Huang}, Y.-M. and {Bhattacharjee}, A.
	},
    title = "{General theory of the plasmoid instability}",
  journal = {Physics of Plasmas},
archivePrefix = "arXiv",
   eprint = {1608.04692},
 primaryClass = "physics.plasm-ph",
     year = 2016,
    month = oct,
   volume = 23,
   number = 10,
      eid = {100702},
    pages = {100702},
      doi = {10.1063/1.4964481},
   adsurl = {http://adsabs.harvard.edu/abs/2016PhPl...23j0702C},
  adsnote = {Provided by the SAO/NASA Astrophysics Data System}
}


@ARTICLE{uzdensky2010,
   author = {{Uzdensky}, D.~A. and {Loureiro}, N.~F. and {Schekochihin}, A.~A.
	},
    title = "{Fast Magnetic Reconnection in the Plasmoid-Dominated Regime}",
  journal = {Physical Review Letters},
archivePrefix = "arXiv",
   eprint = {1008.3330},
 primaryClass = "astro-ph.SR",
 keywords = {Magnetic reconnection, Macroinstabilities, Magnetic reconnection, Magnetic reconnection},
     year = 2010,
    month = dec,
   volume = 105,
   number = 23,
      eid = {235002},
    pages = {235002},
      doi = {10.1103/PhysRevLett.105.235002},
   adsurl = {http://adsabs.harvard.edu/abs/2010PhRvL.105w5002U},
  adsnote = {Provided by the SAO/NASA Astrophysics Data System}
}

@article{daughton2014,
author = {W. Daughton and T. K. M. Nakamura and H. Karimabadi and V. Roytershteyn and B. Loring},
title = {Computing the reconnection rate in turbulent kinetic layers by using electron mixing to identify topology},
journal = {Physics of Plasmas},
volume = {21},
number = {5},
pages = {052307},
year = {2014},
doi = {10.1063/1.4875730},

URL = { 
        https://doi.org/10.1063/1.4875730
    
},
eprint = { 
        https://doi.org/10.1063/1.4875730   
}
}

@ARTICLE{cerutti2017,
   author = {{Cerutti}, B. and {Philippov}, A.~A.},
    title = "{Dissipation of the striped pulsar wind}",
  journal = {\aap},
archivePrefix = "arXiv",
   eprint = {1710.07320},
 primaryClass = "astro-ph.HE",
 keywords = {acceleration of particles, magnetic reconnection, radiation mechanisms: non-thermal, methods: numerical, pulsars: general, stars: winds, outflows},
     year = 2017,
    month = nov,
   volume = 607,
      eid = {A134},
    pages = {A134},
      doi = {10.1051/0004-6361/201731680},
   adsurl = {http://adsabs.harvard.edu/abs/2017A%26A...607A.134C},
  adsnote = {Provided by the SAO/NASA Astrophysics Data System}
}


@ARTICLE{kagan2013,
   author = {{Kagan}, D. and {Milosavljevi{\'c}}, M. and {Spitkovsky}, A.
	},
    title = "{A Flux Rope Network and Particle Acceleration in Three-dimensional Relativistic Magnetic Reconnection}",
  journal = {\apj},
archivePrefix = "arXiv",
   eprint = {1208.0849},
 primaryClass = "astro-ph.HE",
 keywords = {acceleration of particles, instabilities, magnetic fields, magnetic reconnection, plasmas, relativistic processes },
     year = 2013,
    month = sep,
   volume = 774,
      eid = {41},
    pages = {41},
      doi = {10.1088/0004-637X/774/1/41},
   adsurl = {http://adsabs.harvard.edu/abs/2013ApJ...774...41K},
  adsnote = {Provided by the SAO/NASA Astrophysics Data System}
}


@ARTICLE{melzani2014b,
   author = {{Melzani}, M. and {Walder}, R. and {Folini}, D. and {Winisdoerffer}, C. and 
	{Favre}, J.~M.},
    title = "{The energetics of relativistic magnetic reconnection: ion-electron repartition and particle distribution hardness}",
  journal = {\aap},
archivePrefix = "arXiv",
   eprint = {1405.2938},
 primaryClass = "astro-ph.HE",
 keywords = {plasmas, methods: numerical, magnetic reconnection, instabilities, relativistic processes},
     year = 2014,
    month = oct,
   volume = 570,
      eid = {A112},
    pages = {A112},
      doi = {10.1051/0004-6361/201424193},
   adsurl = {http://adsabs.harvard.edu/abs/2014A%26A...570A.112M},
  adsnote = {Provided by the SAO/NASA Astrophysics Data System}
}

@ARTICLE{mao2017,
   author = {{Mao}, S.~A. and {Dexter}, J. and {Quataert}, E.},
    title = "{The impact of non-thermal electrons on event horizon scale images and spectra of Sgr A*}",
  journal = {\mnras},
archivePrefix = "arXiv",
   eprint = {1611.04601},
 primaryClass = "astro-ph.HE",
 keywords = {accretion, accretion disks, radiative transfer, Galaxy: centre, black hole physics, relativistic processes, accretion discs},
     year = 2017,
    month = apr,
   volume = 466,
    pages = {4307-4319},
      doi = {10.1093/mnras/stw3324},
   adsurl = {http://adsabs.harvard.edu/abs/2017MNRAS.466.4307M},
  adsnote = {Provided by the SAO/NASA Astrophysics Data System}
}

@ARTICLE{fermo2010,
   author = {{Fermo}, R.~L. and {Drake}, J.~F. and {Swisdak}, M.},
    title = "{A statistical model of magnetic islands in a current layer}",
  journal = {Physics of Plasmas},
archivePrefix = "arXiv",
   eprint = {0910.4971},
 primaryClass = "physics.plasm-ph",
 keywords = {astrophysical plasma, integro-differential equations, magnetic reconnection, magnetosphere, plasma simulation, solar corona, statistical distributions, Magnetic reconnection, Magnetohydrodynamics, Particle-in-cell method, Corona, Magnetohydrodynamics and plasmas, Space plasma physics},
     year = 2010,
    month = jan,
   volume = 17,
   number = 1,
      eid = {010702},
    pages = {010702},
      doi = {10.1063/1.3286437},
   adsurl = {http://adsabs.harvard.edu/abs/2010PhPl...17a0702F},
  adsnote = {Provided by the SAO/NASA Astrophysics Data System}
}


@ARTICLE{loureiro2007,
   author = {{Loureiro}, N.~F. and {Schekochihin}, A.~A. and {Cowley}, S.~C.
	},
    title = "{Instability of current sheets and formation of plasmoid chains}",
  journal = {Physics of Plasmas},
   eprint = {astro-ph/0703631},
 keywords = {Magnetic reconnection, Macroinstabilities, Physics of the magnetosphere, Magnetic reconnection, Magnetic reconnection},
     year = 2007,
    month = oct,
   volume = 14,
   number = 10,
    pages = {100703-100703},
      doi = {10.1063/1.2783986},
   adsurl = {http://adsabs.harvard.edu/abs/2007PhPl...14j0703L},
  adsnote = {Provided by the SAO/NASA Astrophysics Data System}
}



@ARTICLE{takamoto2013,
   author = {{Takamoto}, M.},
    title = "{Evolution of Relativistic Plasmoid Chains in a Poynting-dominated Plasma}",
  journal = {\apj},
archivePrefix = "arXiv",
   eprint = {1307.5677},
 primaryClass = "astro-ph.HE",
 keywords = {magnetic fields, magnetic reconnection, magnetohydrodynamics: MHD, plasmas, relativistic processes },
     year = 2013,
    month = sep,
   volume = 775,
      eid = {50},
    pages = {50},
      doi = {10.1088/0004-637X/775/1/50},
   adsurl = {http://adsabs.harvard.edu/abs/2013ApJ...775...50T},
  adsnote = {Provided by the SAO/NASA Astrophysics Data System}
}


@ARTICLE{huang2012,
   author = {{Huang}, Y.-M. and {Bhattacharjee}, A.},
    title = "{Distribution of Plasmoids in High-Lundquist-Number Magnetic Reconnection}",
  journal = {Physical Review Letters},
archivePrefix = "arXiv",
   eprint = {1211.6708},
 primaryClass = "physics.plasm-ph",
 keywords = {Magnetic reconnection, Macroinstabilities, Magnetic reconnection, Magnetic reconnection},
     year = 2012,
    month = dec,
   volume = 109,
   number = 26,
      eid = {265002},
    pages = {265002},
      doi = {10.1103/PhysRevLett.109.265002},
   adsurl = {http://adsabs.harvard.edu/abs/2012PhRvL.109z5002H},
  adsnote = {Provided by the SAO/NASA Astrophysics Data System}
}

@misc{buneman93, 
author = {{Buneman}, O.}, 
title = "{in``Computer Space Plasma Physics'', Terra Scientific, Tokyo, 67}", 
year = 1993
}

@ARTICLE{deHoffmann50,
   author = {{de Hoffmann}, F. and {Teller}, E.},
    title = "{Magneto-Hydrodynamic Shocks}",
  journal = {Physical Review },
     year = 1950,
    month = nov,
   volume = 80,
    pages = {692-703},
      doi = {10.1103/PhysRev.80.692},
   adsurl = {http://adsabs.harvard.edu/abs/1950PhRv...80..692D},
  adsnote = {Provided by the SAO/NASA Astrophysics Data System}
}


@INPROCEEDINGS{spitkovsky05,
   author = {{Spitkovsky}, A.},
    title = "{Simulations of relativistic collisionless shocks: shock structure and particle acceleration}",
 keywords = {astrophysical plasma, relativistic plasmas, plasma simulation, plasma shock waves, acceleration, Magnetohydrodynamics and plasmas, Relativistic plasmas, Electron-positron plasmas, Particle-in-cell method, Shock waves and discontinuities},
booktitle = {Astrophysical Sources of High Energy Particles and Radiation},
     year = 2005,
   series = {AIP Conf. Ser.},
   volume = 801,
   eprint = {arXiv:astro-ph/0603211},
   editor = "{T.~Bulik, B.~Rudak, \& G.~Madejski}",
    month = nov,
    pages = {345},
      doi = {10.1063/1.2141897},
   adsurl = {http://adsabs.harvard.edu/abs/2005AIPC..801..345S},
  adsnote = {Provided by the SAO/NASA Astrophysics Data System}
}

@ARTICLE{coroniti1990,
	author = {{Coroniti}, F.~V.},
	title = "{Magnetically striped relativistic magnetohydrodynamic winds - The Crab Nebula revisited}",
	journal = {\apj},
	keywords = {Crab Nebula, Magnetohydrodynamic Flow, Relativistic Plasmas, Stellar Winds, Astronomical Models, Computational Astrophysics, Pulsars},
	year = 1990,
	month = feb,
	volume = 349,
	pages = {538-545},
	doi = {10.1086/168340},
	adsurl = {http://adsabs.harvard.edu/abs/1990ApJ...349..538C},
	adsnote = {Provided by the SAO/NASA Astrophysics Data System}
}

@ARTICLE{lyubarsky2001,
	author = {{Lyubarsky}, Y. and {Kirk}, J.~G.},
	title = "{Reconnection in a Striped Pulsar Wind}",
	journal = {\apj},
	eprint = {astro-ph/0009270},
	keywords = {Magnetohydrodynamics: MHD, Plasmas, Stars: Pulsars: General, Stars: Pulsars: Individual: Name: Crab Pulsar, Stars: Winds, Outflows, Waves},
	year = 2001,
	month = jan,
	volume = 547,
	pages = {437-448},
	doi = {10.1086/318354},
	adsurl = {http://adsabs.harvard.edu/abs/2001ApJ...547..437L},
	adsnote = {Provided by the SAO/NASA Astrophysics Data System}
}

@ARTICLE{zenitani2001,
	author = {{Zenitani}, S. and {Hoshino}, M.},
	title = "{The Generation of Nonthermal Particles in the Relativistic Magnetic Reconnection of Pair Plasmas}",
	journal = {\apjl},
	archivePrefix = "arXiv",
	eprint = {1402.7139},
	primaryClass = "astro-ph.HE",
	keywords = {Acceleration of Particles, Magnetic Fields, Plasmas, Stars: Pulsars: Individual: Name: Crab Nebula, Relativity, Stars: Winds, Outflows},
	year = 2001,
	month = nov,
	volume = 562,
	pages = {L63-L66},
	doi = {10.1086/337972},
	adsurl = {http://adsabs.harvard.edu/abs/2001ApJ...562L..63Z},
	adsnote = {Provided by the SAO/NASA Astrophysics Data System}
}

@ARTICLE{kirk2003,
	author = {{Kirk}, J.~G. and {Skj{\ae}raasen}, O.},
	title = "{Dissipation in Poynting-Flux-dominated Flows: The {$\sigma$}-Problem of the Crab Pulsar Wind}",
	journal = {\apj},
	eprint = {astro-ph/0303194},
	keywords = {Magnetohydrodynamics: MHD, Plasmas, Stars: Pulsars: General, Stars: Pulsars: Individual: Name: Crab Pulsar},
	year = 2003,
	month = jul,
	volume = 591,
	pages = {366-379},
	doi = {10.1086/375215},
	adsurl = {http://adsabs.harvard.edu/abs/2003ApJ...591..366K},
	adsnote = {Provided by the SAO/NASA Astrophysics Data System}
}

@ARTICLE{contopoulos2007,
	author = {{Contopoulos}, I.},
	title = "{The magnetic field topology in the reconnecting pulsar magnetosphere}",
	journal = {\aap},
	archivePrefix = "arXiv",
	eprint = {0706.2255},
	keywords = {stars: pulsars general, magnetic fields, acceleration of particles},
	year = 2007,
	month = sep,
	volume = 472,
	pages = {219-223},
	doi = {10.1051/0004-6361:20077167},
	adsurl = {http://adsabs.harvard.edu/abs/2007A%26A...472..219C},
	adsnote = {Provided by the SAO/NASA Astrophysics Data System}
}

@ARTICLE{philippov2014,
	author = {{Philippov}, A.~A. and {Spitkovsky}, A.},
	title = "{Ab Initio Pulsar Magnetosphere: Three-dimensional Particle-in-cell Simulations of Axisymmetric Pulsars}",
	journal = {\apjl},
	archivePrefix = "arXiv",
	eprint = {1312.4970},
	primaryClass = "astro-ph.HE",
	keywords = {plasmas, pulsars: general, stars: magnetic field, stars: rotation},
	year = 2014,
	month = apr,
	volume = 785,
	eid = {L33},
	pages = {L33},
	doi = {10.1088/2041-8205/785/2/L33},
	adsurl = {http://adsabs.harvard.edu/abs/2014ApJ...785L..33P},
	adsnote = {Provided by the SAO/NASA Astrophysics Data System}
}

@ARTICLE{galeev1979,
	author = {{Galeev}, A.~A. and {Rosner}, R. and {Vaiana}, G.~S.},
	title = "{Structured coronae of accretion disks}",
	journal = {\apj},
	keywords = {Binary Stars, Coronas, Cosmic X Rays, Magnetohydrodynamics, Stellar Mass Accretion, X Ray Sources, Buoyancy, Convection Currents, Cooling, Energy Dissipation, Interstellar Gas, Interstellar Magnetic Fields, Stellar Luminosity, Thermal Plasmas},
	year = 1979,
	month = apr,
	volume = 229,
	pages = {318-326},
	doi = {10.1086/156957},
	adsurl = {http://adsabs.harvard.edu/abs/1979ApJ...229..318G},
	adsnote = {Provided by the SAO/NASA Astrophysics Data System}
}

@ARTICLE{dimatteo1998,
	author = {{Di Matteo}, T.},
	title = "{Magnetic reconnection: flares and coronal heating in active galactic nuclei}",
	journal = {\mnras},
	eprint = {astro-ph/9805347},
	keywords = {ACCRETION, ACCRETION DISCS, MAGNETIC FIELDS, MHD, GALAXIES: ACTIVE},
	year = 1998,
	month = aug,
	volume = 299,
	pages = {L15-l20},
	doi = {10.1046/j.1365-8711.1998.01950.x},
	adsurl = {http://adsabs.harvard.edu/abs/1998MNRAS.299L..15D},
	adsnote = {Provided by the SAO/NASA Astrophysics Data System}
}

@ARTICLE{uzdensky2008,
	author = {{Uzdensky}, D.~A. and {Goodman}, J.},
	title = "{Statistical Description of a Magnetized Corona above a Turbulent Accretion Disk}",
	journal = {\apj},
	archivePrefix = "arXiv",
	eprint = {0803.0337},
	keywords = {accretion, accretion disks, magnetic fields, MHD, Sun: corona, Sun: magnetic fields, X-rays: binaries },
	year = 2008,
	month = jul,
	volume = 682,
	eid = {608-629},
	pages = {608-629},
	doi = {10.1086/588812},
	adsurl = {http://adsabs.harvard.edu/abs/2008ApJ...682..608U},
	adsnote = {Provided by the SAO/NASA Astrophysics Data System}
}

@INPROCEEDINGS{petri2008,
	author = {{P{\'e}tri}, J. and {Lyubarsky}, Y.},
	title = "{Magnetic reconnection at the termination shock in a striped pulsar wind}",
	keywords = {Pulsars, General, solar nebula, cosmogony, Magnetohydrodynamics and plasmas, Numerical simulation, solution of equations, Planetary bow shocks, interplanetary shocks, Magnetic reconnection},
	booktitle = {40 Years of Pulsars: Millisecond Pulsars, Magnetars and More},
	year = 2008,
	series = {American Institute of Physics Conference Series},
	volume = 983,
	editor = {{Bassa}, C. and {Wang}, Z. and {Cumming}, A. and {Kaspi}, V.~M.
	},
	month = feb,
	pages = {207-209},
	doi = {10.1063/1.2900142},
	adsurl = {http://adsabs.harvard.edu/abs/2008AIPC..983..207P},
	adsnote = {Provided by the SAO/NASA Astrophysics Data System}
}

@ARTICLE{thompson1994,
	author = {{Thompson}, C.},
	title = "{A Model of Gamma-Ray Bursts}",
	journal = {\mnras},
	year = 1994,
	month = oct,
	volume = 270,
	pages = {480},
	doi = {10.1093/mnras/270.3.480},
	adsurl = {http://adsabs.harvard.edu/abs/1994MNRAS.270..480T},
	adsnote = {Provided by the SAO/NASA Astrophysics Data System}
}
@ARTICLE{thompson2006,
	author = {{Thompson}, C.},
	title = "{Deceleration of a Relativistic, Photon-rich Shell: End of Preacceleration, Damping of Magnetohydrodynamic Turbulence, and the Emission Mechanism of Gamma-Ray Bursts}",
	journal = {\apj},
	eprint = {astro-ph/0507387},
	keywords = {Gamma Rays: Bursts},
	year = 2006,
	month = nov,
	volume = 651,
	pages = {333-365},
	doi = {10.1086/505290},
	adsurl = {http://adsabs.harvard.edu/abs/2006ApJ...651..333T},
	adsnote = {Provided by the SAO/NASA Astrophysics Data System}
}

@ARTICLE{usov1994,
	author = {{Usov}, V.~V.},
	title = "{On the Nature of Nonthermal Radiation from Cosmological Gamma-Ray Bursters}",
	journal = {\mnras},
	eprint = {astro-ph/9312024},
	keywords = {radiation mechanisms: non-thermal - pulsars: general - gamma-rays: bursts},
	year = 1994,
	month = apr,
	volume = 267,
	pages = {1035},
	doi = {10.1093/mnras/267.4.1035},
	adsurl = {http://adsabs.harvard.edu/abs/1994MNRAS.267.1035U},
	adsnote = {Provided by the SAO/NASA Astrophysics Data System}
}

@ARTICLE{spruit2001,
	author = {{Spruit}, H.~C. and {Daigne}, F. and {Drenkhahn}, G.},
	title = "{Large scale magnetic fields and their dissipation in GRB fireballs}",
journal = {\aap},
eprint = {astro-ph/0004274},
keywords = {GAMMA-RAY BURSTS, MAGNETIC FIELDS, RADIATION MECHANISMS: NONTHERMAL, SHOCK WAVES},
year = 2001,
month = apr,
volume = 369,
pages = {694-705},
doi = {10.1051/0004-6361:20010131},
adsurl = {http://adsabs.harvard.edu/abs/2001A%26A...369..694S},
adsnote = {Provided by the SAO/NASA Astrophysics Data System}
}
}

@ARTICLE{drenkhahn2002,
author = {{Drenkhahn}, G. and {Spruit}, H.~C.},
title = "{Efficient acceleration and radiation in Poynting flux powered GRB outflows}",
journal = {\aap},
eprint = {astro-ph/0202387},
keywords = {gamma rays: bursts, magnetic fields, magnetohydrodynamics (MHD), stars: winds, outflows},
year = 2002,
month = sep,
volume = 391,
pages = {1141-1153},
doi = {10.1051/0004-6361:20020839},
adsurl = {http://adsabs.harvard.edu/abs/2002A%26A...391.1141D},
adsnote = {Provided by the SAO/NASA Astrophysics Data System}
}


@ARTICLE{lyutikov2003,
	author = {{Lyutikov}, M. and {Blandford}, R.},
	title = "{Gamma Ray Bursts as Electromagnetic Outflows}",
	journal = {ArXiv Astrophysics e-prints},
	eprint = {astro-ph/0312347},
	keywords = {Astrophysics},
	year = 2003,
	month = dec,
	adsurl = {http://adsabs.harvard.edu/abs/2003astro.ph.12347L},
	adsnote = {Provided by the SAO/NASA Astrophysics Data System}
}


@ARTICLE{giannios2008,
	author = {{Giannios}, D.},
	title = "{Prompt GRB emission from gradual energy dissipation}",
	journal = {\aap},
	archivePrefix = "arXiv",
	eprint = {0711.2632},
	keywords = {gamma rays: bursts, radiation mechanisms: general, methods: statistical},
	year = 2008,
	month = mar,
	volume = 480,
	pages = {305-312},
	doi = {10.1051/0004-6361:20079085},
	adsurl = {http://adsabs.harvard.edu/abs/2008A%26A...480..305G},
	adsnote = {Provided by the SAO/NASA Astrophysics Data System}
}

@ARTICLE{lyubarsky2008,
	author = {{Lyubarsky}, Y. and {Liverts}, M.},
	title = "{Particle Acceleration in the Driven Relativistic Reconnection}",
	journal = {\apj},
	archivePrefix = "arXiv",
	eprint = {0805.0085},
	keywords = {acceleration of particles, magnetic fields, plasmas},
	year = 2008,
	month = aug,
	volume = 682,
	eid = {1436-1442},
	pages = {1436-1442},
	doi = {10.1086/589640},
	adsurl = {http://adsabs.harvard.edu/abs/2008ApJ...682.1436L},
	adsnote = {Provided by the SAO/NASA Astrophysics Data System}
}

@ARTICLE{ball2018,
	author = {{Ball}, David and {Sironi}, Lorenzo and {{\"O}zel}, Feryal},
	title = "{Electron and Proton Acceleration in Trans-relativistic Magnetic
	Reconnection: Dependence on Plasma Beta and Magnetization}",
	journal = {\apj},
	keywords = {accretion, accretion disks, galaxies: jets, magnetic reconnection,
	radiation mechanisms: nonthermal, X-rays: binaries, Astrophysics
	- High Energy Astrophysical Phenomena},
	year = 2018,
	month = Jul,
	volume = {862},
	eid = {80},
	pages = {80},
	doi = {10.3847/1538-4357/aac820},
	primaryClass = {astro-ph.HE},
	adsurl = {https://ui.adsabs.harvard.edu/#abs/2018ApJ...862...80B},
	adsnote = {Provided by the SAO/NASA Astrophysics Data System}
}

@ARTICLE{werner2017,
	author = {{Werner}, Gregory R. and {Uzdensky}, Dmitri A.},
	title = "{Nonthermal Particle Acceleration in 3D Relativistic Magnetic
	Reconnection in Pair Plasma}",
	journal = {\apj},
	keywords = {acceleration of particles, galaxies: jets, gamma-ray burst: general,
	magnetic reconnection, pulsars: general, relativistic processes,
	Astrophysics - High Energy Astrophysical Phenomena, Physics -
	Plasma Physics},
	year = 2017,
	month = Jul,
	volume = {843},
	eid = {L27},
	pages = {L27},
	doi = {10.3847/2041-8213/aa7892},
	primaryClass = {Astrophysics - High Energy Astrophysical Phenomena},
	adsurl = {https://ui.adsabs.harvard.edu/#abs/2017ApJ...843L..27W},
	adsnote = {Provided by the SAO/NASA Astrophysics Data System}
}

@ARTICLE{haggerty2017,
	author = {{Haggerty}, C.~C. and {Parashar}, T.~N. and {Matthaeus}, W.~H. and 
	{Shay}, M.~A. and {Yang}, Y. and {Wan}, M. and {Wu}, P. and 
	{Servidio}, S.},
	title = "{Exploring the statistics of magnetic reconnection X-points in kinetic particle-in-cell turbulence}",
	journal = {Physics of Plasmas},
	archivePrefix = "arXiv",
	eprint = {1706.04905},
	primaryClass = "physics.space-ph",
	year = 2017,
	month = oct,
	volume = 24,
	number = 10,
	eid = {102308},
	pages = {102308},
	doi = {10.1063/1.5001722},
	adsurl = {http://adsabs.harvard.edu/abs/2017PhPl...24j2308H},
	adsnote = {Provided by the SAO/NASA Astrophysics Data System}
}

@ARTICLE{servidio2009,
	author = {{Servidio}, S. and {Matthaeus}, W.~H. and {Shay}, M.~A. and {Cassak},
	P.~A. and {Dmitruk}, P.},
	title = "{Magnetic Reconnection in Two-Dimensional Magnetohydrodynamic Turbulence}",
	journal = {\prl},
	keywords = {52.35.Vd, 96.50.Bh, 96.50.Tf, 96.60.Iv, Magnetic reconnection,
	Interplanetary magnetic fields, MHD waves, plasma waves
	turbulence, Magnetic reconnection},
	year = 2009,
	month = Mar,
	volume = {102},
	eid = {115003},
	pages = {115003},
	doi = {10.1103/PhysRevLett.102.115003},
	adsurl = {https://ui.adsabs.harvard.edu/#abs/2009PhRvL.102k5003S},
	adsnote = {Provided by the SAO/NASA Astrophysics Data System}
}

